<?xml version="1.0" encoding="UTF-8"?><collection xmlns="http://www.loc.gov/MARC21/slim"><record><leader>00451nam--2200169-i-4500</leader><controlfield tag="001">000001960</controlfield><controlfield tag="002">20161230</controlfield><controlfield tag="005">20161230201024</controlfield><controlfield tag="008">060222s1000------------r-----000-0-eng-d</controlfield><datafield ind1=" " ind2=" " tag="040"><subfield code="a">IFIN-HH</subfield></datafield><datafield ind1=" " ind2=" " tag="080"><subfield code="a">537.52</subfield></datafield><datafield ind1="1" ind2=" " tag="100"><subfield code="a">Francis, Gordon</subfield></datafield><datafield ind1="1" ind2="0" tag="245"><subfield code="a">Ionization phenomena in gases</subfield><subfield code="c">Gordon francis</subfield></datafield><datafield ind1=" " ind2=" " tag="260"><subfield code="a">London</subfield><subfield code="b">Butterworth Scientific Publication</subfield><subfield code="c">1960</subfield></datafield><datafield ind1=" " ind2=" " tag="300"><subfield code="a">VII + 300 P</subfield></datafield><datafield ind1=" " ind2=" " tag="852"><subfield code="a">15786</subfield><subfield code="c">537.52</subfield></datafield><datafield ind1=" " ind2=" " tag="CAT"><subfield code="a">Sys</subfield><subfield code="c">20110803</subfield><subfield code="h">150422</subfield></datafield></record></collection>